@article{GildemeisterSpiderWebs,
author = "Gildemeister, J. M. and Lee, Adrian T. and Richards, P. L.",
title = "A fully lithographed voltage-biased superconducting spiderweb bolometer",
journal = "Applied Physics Letters",
year = "1999",
volume = "74",
number = "6", 
eid = ,
pages = "868-870",
url = "http://scitation.aip.org/content/aip/journal/apl/74/6/10.1063/1.123393",
doi = "http://dx.doi.org/10.1063/1.123393" 
}


@ARTICLE{2010SPIE.7741E..37R,
   author = {{Reichborn-Kjennerud et al.}, B. },
  title = "{EBEX: a balloon-borne CMB polarization experiment}",
  journal = {SPIE Conference Series},
     year = 2010,
   series = {Society of Photo-Optical Instrumentation Engineers (SPIE) Conference Series},
   volume = 7741,
archivePrefix = "arXiv",
   eprint = {1007.3672},
 primaryClass = "astro-ph.CO",
      doi = {10.1117/12.857138},
   adsurl = {http://adsabs.harvard.edu/abs/2010SPIE.7741E..37R},
  adsnote = {Provided by the SAO/NASA Astrophysics Data System}
}

@proceedings{GlennFeedHorns,
author = {Rownd, Brooks and Bock, James J. and Chattopadhyay, Goutam and Glenn, Jason and Griffin, Matthew J.},
title = {Design and performance of feedhorn-coupled bolometer arrays for SPIRE},
journal = {Proc. SPIE},
volume = {4855},
number = {},
pages = {510-519},
abstract = {This paper reviews the design, modeling, and testing of feedhorn arrays coupled to bolometric detector arrays being developed for the ESA Herschel Space Observatory's SPIRE instrument. SPIRE will incorporate five arrays of silicon nitride micromesh bolometers, in three broadband photometers and two Fourier-Transform spectrometers covering 200-700 Î¼m, with a total of 326 feedhorn-coupled bolometers.  The precision feedhorn arrays are formed by close-packing individually fabricated conical feedhorns, which terminate in waveguides and integrating cavities. The detector array is efficiently packaged by mounting it between a metallized silicon backshort array and the feedhorn array, which encloses the bolometers in precisely tuned integrating cavities. The absorption efficiency, bandwidth, and cross talk were first investigated with numerical simulations of the electromagnetic fields, and then measured for prototype arrays in a test facility. This discussion describes the design goals, simulations, fabrication, and measurements of optical efficiencies, spectral properties, beam shapes, and cross talk between bolometers.},
year = {2003},
URL = { http://dx.doi.org/10.1117/12.459372},
eprint = {}
}

@ARTICLE{2015PhRvL.114j1301B,
   author = {{BICEP2/Keck and Planck Collaborations et al.}},
    title = "{Joint Analysis of BICEP2/Keck Array and Planck Data}",
  journal = {Physical Review Letters},
archivePrefix = "arXiv",
   eprint = {1502.00612},
 keywords = {Background radiations, Gravitational wave detectors and experiments, Radio microwave, Observational cosmology},
     year = 2015,
   volume = 114,
   number = 10,
      eid = {101301},
    pages = {101301},
      doi = {10.1103/PhysRevLett.114.101301},
   adsurl = {http://adsabs.harvard.edu/abs/2015PhRvL.114j1301B},
  adsnote = {Provided by the SAO/NASA Astrophysics Data System}
}

@ARTICLE{7119010, 
author={Didier et al., J.}, 
journal={Aerospace Conference, 2015 IEEE}, 
title={A high-resolution pointing system for fast scanning platforms: The EBEX example}, 
year={2015}, 
pages={1-15}, 
keywords={attitude control;balloons;gyroscopes;image resolution;pointing systems;telescopes;E and B experiment;EBEX example;EBEX science goals;balloon-borne telescope;cosmic microwave background;fast scanning platforms;float altitude;gondola scanning;high resolution pointing system;in-flight attitude control;orthogonal gyroscopes;pointing error;real time pointing;redundant star cameras;scan turnarounds;simulation pipeline;systematic errors;telescope attitude;Cameras;Gyroscopes;Image reconstruction;Sensors;Software;Systematics;Telescopes}, 
doi={10.1109/AERO.2015.7119010}}

@ARTICLE{dobbs_ieee_2008,
   author = {{Dobbs et al.}, M.},
    title = "{Digital Frequency Domain Multiplexer for Millimeter-Wavelength Telescopes}",
  journal = {IEEE Transactions on Nuclear Science},
archivePrefix = "arXiv",
   eprint = {0708.2762},
 primaryClass = "physics.ins-det",
     year = 2008,
   volume = 55,
    pages = {21-26},
      doi = {10.1109/TNS.2007.911601},
   adsurl = {http://adsabs.harvard.edu/abs/2008ITNS...55...21D},
  adsnote = {Provided by the SAO/NASA Astrophysics Data System}
}

@ARTICLE{macdermid_spie_2014,
   author = {{MacDermid et al.}, K.},
    title = "{The performance of the bolometer array and readout system during the 2012/2013 flight of the E and B experiment (EBEX)}",
  journal = {SPIE Conference Series},
     year = 2014,
   series = {Society of Photo-Optical Instrumentation Engineers (SPIE) Conference Series},
   volume = 9153,
archivePrefix = "arXiv",
   eprint = {1407.6894},
 primaryClass = "astro-ph.IM",
      eid = {915311},
      doi = {10.1117/12.2056267},
   adsurl = {http://adsabs.harvard.edu/abs/2014SPIE.9153E..11M},
  adsnote = {Provided by the SAO/NASA Astrophysics Data System}
}

@ARTICLE{2015arXiv150201588P,
   author = {{Planck Collaboration et al.}},
    title = "{Planck 2015 results. X. Diffuse component separation: Foreground maps}",
  journal = {ArXiv e-prints},
archivePrefix = "arXiv",
   eprint = {1502.01588},
 keywords = {Astrophysics - Cosmology and Nongalactic Astrophysics},
     year = 2015,
   adsurl = {http://adsabs.harvard.edu/abs/2015arXiv150201588P},
  adsnote = {Provided by the SAO/NASA Astrophysics Data System}
}

@ARTICLE{1998MNRAS.299..653H,
   author = {{Hanany et al.}, S.},
    title = "{The effect of the detector response time on bolometric cosmic microwave background anisotropy experiments}",
  journal = {Monthly Notices of the Royal Astronomical Society},
   eprint = {astro-ph/9801291},
 keywords = {METHODS: DATA ANALYSIS, METHODS: OBSERVATIONAL, COSMIC MICROWAVE BACKGROUND},
     year = 1998,
   volume = 299,
    pages = {653-660},
      doi = {10.1046/j.1365-8711.1998.01705.x},
   adsurl = {http://adsabs.harvard.edu/abs/1998MNRAS.299..653H},
  adsnote = {Provided by the SAO/NASA Astrophysics Data System}
}

@ARTICLE{2011SPIE.8150E..04K,
   author = {{Klein et al.}, J.},
    title = "{A cryogenic half-wave plate polarimeter using a superconducting magnetic bearing}",
  journal = {SPIE Conference Series},
     year = 2011,
   series = {Society of Photo-Optical Instrumentation Engineers (SPIE) Conference Series},
   volume = 8150,
      eid = {815004},
      doi = {10.1117/12.893669},
   adsurl = {http://adsabs.harvard.edu/abs/2011SPIE.8150E..04K},
  adsnote = {Provided by the SAO/NASA Astrophysics Data System}
}

@ARTICLE{2012JLTP..167..885W,
   author = {{Westbrook et al.}, B.},
    title = "{Design Evolution of the Spiderweb TES Bolometer for Cosmology Applications}",
  journal = {Journal of Low Temperature Physics},
 keywords = {Cosmology, Sub-mm, Bolometer, TES, Superconductivity},
     year = 2012,
   volume = 167,
    pages = {885-891},
      doi = {10.1007/s10909-012-0528-4},
   adsurl = {http://adsabs.harvard.edu/abs/2012JLTP..167..885W},
  adsnote = {Provided by the SAO/NASA Astrophysics Data System}
}

@article{Xilinx-FPGA,
    author = "Xilinx",
    title  = "",
    journal= "http://www.xilinx.com/",
    volume = "",
    pages  = "",
    year   = "" }

@article{Huber2001,
    author = "M. E. Huber and P. A. Neil and R. G. Benson and D. A. Burns and A. M. Corey and C. S. Flynn and Y.        Kitaygorodskaya and O. Massihzadeh and J. M. Martinis and G. C. Hilton",
    title  = "{DC SQUID serie array amplifiers with 120 MHz bandwidth (corrected)}",
    journal= "IEEE Transactions on Applied Superconductivity",
    volume = "11",
    pages  = "4048-4053",
    year   = "2001" }

@PHDTHESIS{lanting_thesis_2006,
   author = {{Lanting}, T.~M.},
    title = "{Multiplexed readout of superconducting bolometers for cosmological observations}",
 keywords = {Multiplexed readout, Bolometers, Cosmic microwave background},
   school = {University of California, Berkeley},
     year = 2006,
   adsurl = {http://adsabs.harvard.edu/abs/2006PhDT........32L},
  adsnote = {Provided by the SAO/NASA Astrophysics Data System}
}


@INPROCEEDINGS{macdermid_aip_2009,
   author = {{MacDermid}, K. and {Hyland}, P. and {Aubin}, F. and {Bissonnette}, E. and 
	{Dobbs}, M. and {Hubmayr}, J. and {Smecher}, G. and {Wairrach}, S.
	},
    title = "{Tuning of Kilopixel Transition Edge Sensor Bolometer Arrays with a Digital Frequency Multiplexed Readout System}",
 keywords = {telescopes, SQUIDs, bolometers, Radio telescopes and instrumentation, heterodyne receivers, Superconducting quantum interference devices, Photoconductors and bolometers},
booktitle = {American Institute of Physics Conference Series},
     year = 2009,
   series = {American Institute of Physics Conference Series},
   volume = 1185,
archivePrefix = "arXiv",
   eprint = {0911.4448},
 primaryClass = "astro-ph.IM",
   editor = {{Young}, B. and {Cabrera}, B. and {Miller}, A.},
    month = dec,
    pages = {253-256},
      doi = {10.1063/1.3292326},
   adsurl = {http://adsabs.harvard.edu/abs/2009AIPC.1185..253M},
  adsnote = {Provided by the SAO/NASA Astrophysics Data System}
}


@article{Lee:1996,
    author = "Lee, Adrian T. and Richards, Paul L. and Nam, Sae Woo and Cabrera, Blas and Irwin, K. D.",
    title = "A superconducting bolometer with strong electrothermal feedback",
    journal = "Applied Physics Letters",
    year = "1996",
    volume = "69",
    number = "12", 
    pages = "1801-1803",
    url = "http://scitation.aip.org/content/aip/journal/apl/69/12/10.1063/1.117491",
    doi = "10.1063/1.117491" 
}

@PHDTHESIS{Westbrook_thesis,
author = {{Westbrook}, B.~G.},
title = "{Studies of the Cosmos Using Spiderweb Absorber Transition Edge Sensor Bolometers}",
school = {University of California, Berkeley},
year = 2014,
adsurl = {http://adsabs.harvard.edu/abs/2014PhDT.......193W},
adsnote = {Provided by the SAO/NASA Astrophysics Data System}
}

@article{Schwan:2010,
       author = "Schwan, D. and Ade, P. A. R. and Basu, K. and Bender, A. N. and Bertoldi, F. and Cho, H.-M. and Chon, G. and Clarke, John and Dobbs, M. and Ferrusca, D. and GÃ¼sten, R. and Halverson, N. W. and Holzapfel, W. L. and Horellou, C. and Johansson, D. and Johnson, B. R. and Kennedy, J. and Kermish, Z. and Kneissl, R. and Lanting, T. and Lee, A. T. and Lueker, M. and Mehl, J. and Menten, K. M. and Muders, D. and Pacaud, F. and Plagge, T. and Reichardt, C. L. and Richards, P. L. and Schaaf, R. and Schilke, P. and Sommer, M. W. and Spieler, H. and Tucker, C. and Weiss, A. and Westbrook, B. and Zahn, O.",
title = "Invited Article: Millimeter-wave bolometer array receiver for the Atacama pathfinder experiment Sunyaev-Zel&apos;dovich (APEX-SZ) instrument",
journal = "Review of Scientific Instruments",
year = "2011",
volume = "82",
number = "9", 
eid = 091301,
pages = "",
url = "http://scitation.aip.org/content/aip/journal/rsi/82/9/10.1063/1.3637460",
doi = "http://dx.doi.org/10.1063/1.3637460" 
}

@article{Chang:2009,
       author = "Chang, C. L. and Ade, P. A. R. and Aird, K. A. and Benson, B. A. and Bleem, L. E. and Carlstrom, J. E. and Cho, H.âM. and de Haan, T. and Crawford, T. M. and Crites, A. T. and Dobbs, M. A. and Everett, W. and Halverson, N. W. and Holder, G. P. and Holzapfel, W. L. and Hrubes, D. and Joy, M. and Keisler, R. and Lanting, T. M. and Lee, A. T. and Leitch, E. M. and Loehr, A. and Lueker, M. and McMahon, J. J. and Mehl, J. and Meyer, S. S. and Mohr, J. J. and Montroy, T. E. and Ngeow, C. C. and Padin, S. and Plagge, T. and Pryke, C. and Reichardt, C. L. and Ruhl, J. E. and Schaffer, K. K. and Shaw, L. and Shirokoff, E. and Spieler, H. G. and Stalder, B. and Stark, A. A. and Staniszewski, Z. and Vanderlinde, K. and Vieira, J. D. and Williamson, R. and Zahn, O. and Zenteno, A.",
title = "SPTâSZ: a SunyaevâZePdovich survey for galaxy clusters",
journal = "AIP Conference Proceedings",
year = "2009",
volume = "1185",
number = "1", 
eid = "",
pages = "475-477",
url = "http://scitation.aip.org/content/aip/proceeding/aipcp/10.1063/1.3292381",
doi = "http://dx.doi.org/10.1063/1.3292381" 
}


@Article{Westbrook:2012,
    author="Westbrook, B.
        and Lee, A.
        and Meng, X.
        and Suzuki, A.
        and Arnold, K.
        and Shirokoff, E.
        and George, E.
        and Aubin, F.
        and Dobbs, M.
        and MacDermid, K.
        and Hanany, S.
        and Raach, K.
        and Aboobaker, A.
        and Hubmayr, J.
        and Oshima, T.
        and Kawamura, M.
        and Kohno, K.",
    title="Design Evolution of the Spiderweb TES Bolometer for Cosmology Applications",
    journal="Journal of Low Temperature Physics",
    year="2012",
    volume="167",
    number="5",
    pages="885--891",
    abstract="Our group at UC Berkeley has produced the next generation of millimeter-wave spiderweb-absorber transition edge sensor (TES) bolometer technology, which was originally developed for the Atacama Pathfinder Experiment---Sunyaev Zel'dolvich (APEX-SZ) and South Pole Telescope (SPT) experiments. We will discuss the adaptation of this technology to a balloon-borne environment and to sub-millimeter wavelengths for the E and B Experiment (EBEX) and the Atacama Sub-millimeter Telescope Experiment (ASTE). Specifically, this proceedings will address the methods we used to increase the thermal contact between the TES and a heat capacity used to limit electrothermal bandwidth, increase the optical efficiency at sub-millimeter wavelengths by reducing the grid spacing of the spiderweb absorber, and reduce the saturation power of the bolometers by a factor of 4 compared to the lowest saturation power SPT bolometers by the altering the bolometer geometry.",
    issn="1573-7357",
    doi="10.1007/s10909-012-0528-4",
    url="http://dx.doi.org/10.1007/s10909-012-0528-4"
}



@proceeding{deHann_DAN2012,
author = {de Haan, Tijmen and Smecher, Graeme and Dobbs, Matt},
title = {Improved performance of TES bolometers using digital feedback},
journal = {Proc. SPIE},
volume = {8452},
number = {},
pages = {84520E-84520E-10},
year = {2012},
doi = {10.1117/12.925658},
URL = { http://dx.doi.org/10.1117/12.925658},
eprint = {}
}

@manual{fairchiled_LED,
  organization =  "Fairchild Semiconductor",
  title = "LED56"
}

@ARTICLE{aubin_mg14_2016,
   author = {{Aubin}, F. and {Aboobaker}, A.~M. and {Ade}, P. and {Araujo}, D. and
    {Baccigalupi}, C. and {Bao}, C. and {Borrill}, J. and {Chapman}, D. and
    {Didier}, J. and {Dobbs}, M. and {Feeney}, S. and {Geach}, C. and
    {Hanany}, S. and {Helson}, K. and {Hillbrand}, S. and {Hilton}, G. and
    {Hubmayr}, J. and {Jaffe}, A. and {Johnson}, B. and {Jones}, T. and
    {Kisner}, T. and {Klein}, J. and {Korotkov}, A. and {Lee}, A. and
    {Levinson}, L. and {Limon}, M. and {Macdermid}, K. and {Marchenko}, V. and
    {Miller}, A.~D. and {Milligan}, M. and {Pascale}, E. and {Puglisi}, G. and
    {Raach}, K. and {Reichborn-Kjennerud}, B. and {Reintsema}, C. and
    {Sagiv}, I. and {Smecher}, G. and {Stompor}, R. and {Tristram}, M. and
    {Tucker}, G.~S. and {Westbrook}, B. and {Young}, K. and {Zilic}, K.
    },
    title = "{Temperature calibration of the E and B experiment}",
  journal = {ArXiv e-prints},
archivePrefix = "arXiv",
   eprint = {1601.07923},
 primaryClass = "astro-ph.IM",
 keywords = {Astrophysics - Instrumentation and Methods for Astrophysics, Astrophysics - Cosmology and Nongalactic      Astrophysics},
     year = 2016,
    month = jan,
   adsurl = {http://adsabs.harvard.edu/abs/2016arXiv160107923A},
  adsnote = {Provided by the SAO/NASA Astrophysics Data System}
}

@INPROCEEDINGS{aubin_spie_2010,
   author = {{Aubin}, F. and {Aboobaker}, A.~M. and {Ade}, P. and {Baccigalupi}, C. and
    {Bao}, C. and {Borrill}, J. and {Cantalupo}, C. and {Chapman}, D. and
    {Didier}, J. and {Dobbs}, M. and {Grainger}, W. and {Hanany}, S. and
    {Hubmayr}, J. and {Hyland}, P. and {Hillbrand}, S. and {Jaffe}, A. and
    {Johnson}, B. and {Jones}, T. and {Kisner}, T. and {Klein}, J. and
    {Korotkov}, A. and {Leach}, S. and {Lee}, A. and {Limon}, M. and
    {MacDermid}, K. and {Matsumura}, T. and {Meng}, X. and {Miller}, A. and
    {Milligan}, M. and {Polsgrove}, D. and {Ponthieu}, N. and {Raach}, K. and
    {Reichborn-Kjennerud}, B. and {Sagiv}, I. and {Smecher}, G. and
    {Tran}, H. and {Tucker}, G.~S. and {Vinokurov}, Y. and {Yadav}, A. and
    {Zaldarriaga}, M. and {Zilic}, K.},
    title = "{First implementation of TES bolometer arrays with SQUID-based multiplexed readout on a balloon-borne      platform}",
booktitle = {Society of Photo-Optical Instrumentation Engineers (SPIE) Conference Series},
     year = 2010,
   series = {Society of Photo-Optical Instrumentation Engineers (SPIE) Conference Series},
   volume = 7741,
    month = jul,
      doi = {10.1117/12.857596},
   adsurl = {http://adsabs.harvard.edu/abs/2010SPIE.7741E..52A},
  adsnote = {Provided by the SAO/NASA Astrophysics Data System}
}

@INBOOK{irwin_book_2005,
   author = {{Irwin}, K.~D. and {Hilton}, G.~C.},
    title = "{Transition-Edge Sensors}",
 keywords = {Physics},
booktitle = {Cryogenic Particle Detection},
     year = 2005,
   editor = {{Enss}, C.},
    pages = {63},
      doi = {10.1007/10933596_3},
   adsurl = {http://adsabs.harvard.edu/abs/2005cpd..book...63I},
  adsnote = {Provided by the SAO/NASA Astrophysics Data System}
}

@article{lanting_ieee_2003,
	author = "T. M. Lanting and H. Cho and J. Clarke and M. Dobbs and A. Lee and P. L. Richards and A. D. Smithm and H. G. Spieler",
	title  = "{A frequency-domain squid multiplexer for arrays of transition-edge superconducting sensors}",
	journal= "IEEE Transactions on Applied Superconductivity",
	volume = "13(2)",
	pages  = "626",
	year   = "2003"
}

@ARTICLE{yoon_apl_2001,
   author = {{Yoon}, J. and {Clarke}, J. and {Gildemeister}, J.~M. and {Lee}, A.~T. and 
	{Myers}, M.~J. and {Richards}, P.~L. and {Skidmore}, J.~T.},
    title = "{Single superconducting quantum interference device multiplexer for arrays of low-temperature sensors}",
  journal = {Applied Physics Letters},
 keywords = {Superconducting quantum interference devices, Sensors, remote sensing},
     year = 2001,
    month = jan,
   volume = 78,
      eid = {371},
    pages = {371},
      doi = {10.1063/1.1338963},
   adsurl = {http://adsabs.harvard.edu/abs/2001ApPhL..78..371Y},
  adsnote = {Provided by the SAO/NASA Astrophysics Data System}
}

@ARTICLE{lee_appliedoptics_1998,
   author = {{Lee}, S.-F. and {Gildemeister}, J.~M. and {Holmes}, W. and 
	{Lee}, A.~T. and {Richards}, P.~L.},
    title = "{Voltage-Biased Superconducting Transition-Edge Bolometer with Strong Electrothermal Feedback Operated at 370 mK}",
  journal = {Applied Optics},
     year = 1998,
    month = jun,
   volume = 37,
    pages = {3391-3397},
      doi = {10.1364/AO.37.003391},
   adsurl = {http://adsabs.harvard.edu/abs/1998ApOpt..37.3391L},
  adsnote = {Provided by the SAO/NASA Astrophysics Data System}
}


@ARTICLE{dobbs_revSciInst_2012,
   author = {{Dobbs}, M.~A. and {Lueker}, M. and {Aird}, K.~A. and {Bender}, A.~N. and 
	{Benson}, B.~A. and {Bleem}, L.~E. and {Carlstrom}, J.~E. and 
	{Chang}, C.~L. and {Cho}, H.-M. and {Clarke}, J. and {Crawford}, T.~M. and 
	{Crites}, A.~T. and {Flanigan}, D.~I. and {de Haan}, T. and 
	{George}, E.~M. and {Halverson}, N.~W. and {Holzapfel}, W.~L. and 
	{Hrubes}, J.~D. and {Johnson}, B.~R. and {Joseph}, J. and {Keisler}, R. and 
	{Kennedy}, J. and {Kermish}, Z. and {Lanting}, T.~M. and {Lee}, A.~T. and 
	{Leitch}, E.~M. and {Luong-Van}, D. and {McMahon}, J.~J. and 
	{Mehl}, J. and {Meyer}, S.~S. and {Montroy}, T.~E. and {Padin}, S. and 
	{Plagge}, T. and {Pryke}, C. and {Richards}, P.~L. and {Ruhl}, J.~E. and 
	{Schaffer}, K.~K. and {Schwan}, D. and {Shirokoff}, E. and {Spieler}, H.~G. and 
	{Staniszewski}, Z. and {Stark}, A.~A. and {Vanderlinde}, K. and 
	{Vieira}, J.~D. and {Vu}, C. and {Westbrook}, B. and {Williamson}, R.
	},
    title = "{Frequency multiplexed superconducting quantum interference device readout of large bolometer arrays for cosmic microwave background measurements}",
  journal = {Review of Scientific Instruments},
archivePrefix = "arXiv",
   eprint = {1112.4215},
 primaryClass = "astro-ph.IM",
 keywords = {bolometers, millimetre wave detectors, SQUIDs, Bolometers, infrared submillimeter wave microwave and radiowave receivers and detectors},
     year = 2012,
    month = jul,
   volume = 83,
   number = 7,
    pages = {073113-073113},
      doi = {10.1063/1.4737629},
   adsurl = {http://adsabs.harvard.edu/abs/2012RScI...83g3113D},
  adsnote = {Provided by the SAO/NASA Astrophysics Data System}
}
