Automatically generated by Mendeley Desktop 1.10.1
Any changes to this file will be lost if it is regenerated by Mendeley.

BibTeX export options can be customized via Preferences -> BibTeX in Mendeley Desktop

@article{Ade2011,
author = {Ade, P. A. R. and Aghanim, N and Ansari, R and Arnaud, M and Ashdown, M and Aumont, J and Banday, A J and Bartelmann, M and Bartlett, J G and Battaner, E and Benabed, K and Beno\^{\i}t, A. and Bernard, J.-P. and Bersanelli, M and Bock, J J and Bond, J R and Borrill, J and Bouchet, F R and Boulanger, F and Bradshaw, T and Bucher, M and Cardoso, J.-F. and Castex, G and Catalano, A and Challinor, A and Chamballu, A and Chary, R.-R. and Chen, X and Chiang, C and Church, S and Clements, D L and Colley, J.-M. and Colombi, S and Couchot, F and Coulais, A and Cressiot, C and Crill, B P and Crook, M and de Bernardis, P. and Delabrouille, J and Delouis, J.-M. and D\'{e}sert, F.-X. and Dolag, K and Dole, H and Dor\'{e}, O. and Douspis, M and Dunkley, J and Efstathiou, G and Filliard, C and Forni, O and Fosalba, P and Ganga, K and Giard, M and Girard, D and Giraud-H\'{e}raud, Y. and Gispert, R and G\'{o}rski, K. M. and Gratton, S and Griffin, M. and Guyot, G and Haissinski, J and Harrison, D and Helou, G and Henrot-Versill\'{e}, S. and Hern\'{a}ndez-Monteagudo, C. and Hildebrandt, S R and Hills, R and Hivon, E and Hobson, M and Holmes, W A and Huffenberger, K. M. and Jaffe, A. H. and Jones, W C and Kaplan, J and Kneissl, R and Knox, L and Kunz, M and Lagache, G and Lamarre, J.-M. and Lange, A E and Lasenby, A and Lavabre, A and Lawrence, C R and {Le Jeune}, M. and Leroy, C and Lesgourgues, J and Mac\'{\i}as-P\'{e}rez, J. F. and MacTavish, C. J. and Maffei, B. and Mandolesi, N and Mann, R and Marleau, F and Marshall, D J and Masi, S and Matsumura, T and McAuley, I. and McGehee, P. and Melin, J.-B. and Mercier, C and Mitra, S and Miville-Desch\^{e}nes, M.-A. and Moneti, A and Montier, L and Mortlock, D and Murphy, A and Nati, F and Netterfield, C B and N\o rgaard-Nielsen, H. U. and North, C and Noviello, F and Novikov, D and Osborne, S and Pajot, F and Patanchon, G and Peacocke, T and Pearson, T J and Perdereau, O and Perotto, L and Piacentini, F and Piat, M and Plaszczynski, S and Pointecouteau, E and Ponthieu, N and Pr\'{e}zeau, G. and Prunet, S and Puget, J.-L. and Reach, W T and Remazeilles, M and Renault, C and Riazuelo, A and Ristorcelli, I and Rocha, G and Rosset, C and Roudier, G and Rowan-Robinson, M. and Rusholme, B and Saha, R and Santos, D and Savini, G and Schaefer, B M and Shellard, P and Spencer, L and Starck, J.-L. and Stolyarov, V and Stompor, R and Sudiwala, R and Sunyaev, R and Sutton, D and Sygnet, J.-F. and Tauber, J A and Thum, C and Torre, J.-P. and Touze, F and Tristram, M and {Van Leeuwen}, F. and Vibert, L. and Vibert, D and Wade, L A and Wandelt, B D and White, S D M and Wiesemeyer, H and Woodcraft, A and Yurchenko, V and Yvon, D and Zacchei, A},
doi = {10.1051/0004-6361/201116462},
file = {:Users/raach/Documents/work\_stuff/papers\_of\_others/planck\_hfi\_data\_processing.pdf:pdf},
issn = {0004-6361},
journal = {Astronomy \& Astrophysics},
keywords = {cosmic background radiation,cosmology,data analysis,methods,observations,surveys},
month = dec,
number = {August 2009},
pages = {A6},
title = {{Planck early results. VI. The High Frequency Instrument data processing}},
url = {http://www.aanda.org/10.1051/0004-6361/201116462},
volume = {536},
year = {2011}
}
@article{Wu2007,
author = {Wu, J. H. P. and Zuntz, J. and Abroe, M. E. and Ade, P. a. R. and Bock, J. and Borrill, J. and Collins, J. and Hanany, S. and Jaffe, a. H. and Johnson, B. R. and Jones, T. and Lee, a. T. and Matsumura, T. and Rabii, B. and Renbarger, T. and Richards, P. L. and Smoot, G. F. and Stompor, R. and Tran, H. T. and Winant, C. D.},
doi = {10.1086/518112},
file = {:Users/raach/Documents/work\_stuff/papers\_of\_others/Wu\_etal2007\_published.pdf:pdf},
issn = {0004-637X},
journal = {The Astrophysical Journal},
month = aug,
number = {1},
pages = {55--66},
title = {{MAXIPOL: Data Analysis and Results}},
url = {http://stacks.iop.org/0004-637X/665/i=1/a=55},
volume = {665},
year = {2007}
}
@article{Sazhin2004,
author = {Sazhin, Mikhail V},
doi = {10.1070/PU2004v047n02ABEH001630},
file = {:Users/raach/Documents/work\_stuff/papers\_of\_others/strangers\_cmb\_general\_summary.pdf:pdf},
issn = {1063-7869},
journal = {Physics-Uspekhi},
month = feb,
number = {2},
pages = {187--194},
title = {{Anisotropy and polarization of cosmic microwave background: state of the art}},
url = {http://stacks.iop.org/1063-7869/47/i=2/a=A06?key=crossref.778ccb3d32808269774eeb252174f8a4},
volume = {47},
year = {2004}
}
